% This file was created with Citavi 6.3.0.0

@misc{.,
 abstract = {Exports 2D/3D image volume, vector field, surface, lines, polygons, etc. to ParaView},
 author = {{CY Y}},
 title = {vtkwrite :  Exports various 2D/3D data to ParaView in VTK file format - File Exchange - MATLAB Central},
 url = {https://de.mathworks.com/matlabcentral/fileexchange/47814-vtkwrite-exports-various-2d-3d-data-to-paraview-in-vtk-file-format},
 urldate = {17.12.2018}
}


@misc{.29.11.2018,
 year = {29.11.2018},
 title = {ParaView/Users Guide/List of readers - KitwarePublic},
 url = {https://www.paraview.org/Wiki/ParaView/Users_Guide/List_of_readers#Legacy_VTK_Reader},
 urldate = {17.12.2018}
}


@misc{.29.11.2018b,
 year = {29.11.2018},
 title = {Animating legacy VTK file series - KitwarePublic},
 url = {https://www.paraview.org/Wiki/Animating_legacy_VTK_file_series},
 urldate = {17.12.2018}
}


@misc{.matlab_index_ref,
 abstract = {Use these indexing and vectorization techniques to express your algorithms compactly and efficiently.},
 year = {16.02.2019},
 title = {Matrix Indexing in MATLAB},
 url = {https://de.mathworks.com/company/newsletters/articles/matrix-indexing-in-matlab.html},
 urldate = {17.02.2019}
}


@article{Aage.2015,
 author = {Aage, Niels and Andreassen, Erik and Lazarov, Boyan Stefanov},
 year = {2015},
 title = {Topology optimization using PETSc: An easy-to-use, fully parallel, open source topology optimization framework},
 pages = {565--572},
 volume = {51},
 number = {3},
 issn = {1615-147X},
 journal = {Structural and Multidisciplinary Optimization},
 doi = {10.1007/s00158-014-1157-0}
}


@article{Amir.2014,
 author = {Amir, Oded and Aage, Niels and Lazarov, Boyan S.},
 year = {2014},
 title = {On multigrid-CG for efficient topology optimization},
 pages = {815--829},
 volume = {49},
 number = {5},
 issn = {1615-147X},
 journal = {Structural and Multidisciplinary Optimization},
 doi = {10.1007/s00158-013-1015-5}
}


@article{Andreassen.2011,
 author = {Andreassen, Erik and Clausen, Anders and Schevenels, Mattias and Lazarov, Boyan S. and Sigmund, Ole},
 year = {2011},
 title = {Efficient topology optimization in MATLAB using 88 lines of code},
 pages = {1--16},
 volume = {43},
 number = {1},
 issn = {1615-147X},
 journal = {Structural and Multidisciplinary Optimization},
 doi = {10.1007/s00158-010-0594-7}
}


@article{Bendse.1988,
 author = {Bends{\o}e, Martin Philip and Kikuchi, Noboru},
 year = {1988},
 title = {Generating optimal topologies in structural design using a homogenization method},
 pages = {197--224},
 volume = {71},
 number = {2},
 issn = {00457825},
 journal = {Computer Methods in Applied Mechanics and Engineering},
 doi = {10.1016/0045-7825(88)90086-2}
}


@book{Bendse.2004,
 author = {Bends{\o}e, Martin P. and Sigmund, Ole},
 year = {2004},
 title = {Topology Optimization},
 address = {Berlin, Heidelberg},
 publisher = {{Springer Berlin Heidelberg}},
 isbn = {978-3-642-07698-5},
 doi = {10.1007/978-3-662-05086-6}
}


@book{Dienemann.2018,
 author = {Dienemann, Robert},
 year = {2018},
 title = {Entwicklung einer Optimierungsmethodik f{\"u}r die Form- und Topologieoptimierung von tiefziehbaren Blechstrukturen},
 address = {Herzogenrath},
 edition = {1. Auflage},
 publisher = {Shaker},
 isbn = {978-3-8440-6196-3},
 series = {Berichte aus dem Maschinenbau}
}


@article{Duarte.2015,
 author = {Duarte, Leonardo S. and Celes, Waldemar and Pereira, Anderson and {M. Menezes}, Ivan F. and Paulino, Glaucio H.},
 year = {2015},
 title = {PolyTop++: an efficient alternative for serial and parallel topology optimization on CPUs {\&} GPUs},
 pages = {845--859},
 volume = {52},
 number = {5},
 issn = {1615-147X},
 journal = {Structural and Multidisciplinary Optimization},
 doi = {10.1007/s00158-015-1252-x}
}


@article{Hvejsel.2011,
 author = {Hvejsel, Christian Frier and Lund, Erik},
 year = {2011},
 title = {Material interpolation schemes for unified topology and multi-material optimization},
 pages = {811--825},
 volume = {43},
 number = {6},
 issn = {1615-147X},
 journal = {Structural and Multidisciplinary Optimization},
 doi = {10.1007/s00158-011-0625-z}
}


@article{Lazarov.2011,
 author = {Lazarov, B. S. and Sigmund, O.},
 year = {2011},
 title = {Filters in topology optimization based on Helmholtz-type differential equations},
 pages = {765--781},
 volume = {86},
 number = {6},
 issn = {00295981},
 journal = {International Journal for Numerical Methods in Engineering},
 doi = {10.1002/nme.3072}
}


@article{Liu.2014,
 author = {Liu, Kai and Tovar, Andr{\'e}s},
 year = {2014},
 title = {An efficient 3D topology optimization code written in Matlab},
 pages = {1175--1196},
 volume = {50},
 number = {6},
 issn = {1615-147X},
 journal = {Structural and Multidisciplinary Optimization},
 doi = {10.1007/s00158-014-1107-x}
}


@article{MartinezFrutos.2017,
 author = {Mart{\'i}nez-Frutos, Jes{\'u}s and Mart{\'i}nez-Castej{\'o}n, Pedro J. and Herrero-P{\'e}rez, David},
 year = {2017},
 title = {Efficient topology optimization using GPU computing with multilevel granularity},
 pages = {47--62},
 volume = {106},
 issn = {09659978},
 journal = {Advances in Engineering Software},
 doi = {10.1016/j.advengsoft.2017.01.009}
}


@article{Olason.2010,
 author = {Olason, Anton and Tidman, Daniel},
 year = {2010},
 title = {Methodology for topology and shpe optimization in the design process}
}


@article{Schmidt.2011,
 author = {Schmidt, Stephan and Schulz, Volker},
 year = {2011},
 title = {A 2589 line topology optimization code written for the graphics card},
 pages = {249--256},
 volume = {14},
 number = {6},
 issn = {1432-9360},
 journal = {Computing and Visualization in Science},
 doi = {10.1007/s00791-012-0180-1}
}


@book{Schumacher.2013,
 abstract = {{\textless}!-- /* Font Definitions */ @font-face {font-family:{\textquotedbl}MS Mincho{\textquotedbl}; panose-1:2 2 6 9 4 2 5 8 3 4; mso-font-alt:{\textquotedbl}ＭＳ 明朝{\textquotedbl}; mso-font-charset:128; mso-generic-font-family:modern; mso-font-pitch:fixed; mso-font-signature:-1610612033 1757936891 16 0 131231 0;} @font-face {font-family:{\textquotedbl}Cambria Math{\textquotedbl}; panose-1:2 4 5 3 5 4 6 3 2 4; mso-font-charset:1; mso-generic-font-family:roman; mso-font-format:other; mso-font-pitch:variable; mso-font-signature:0 0 0 0 0 0;} @font-face {font-family:{\textquotedbl}$\backslash$@MS Mincho{\textquotedbl}; panose-1:2 2 6 9 4 2 5 8 3 4; mso-font-charset:128; mso-generic-font-family:modern; mso-font-pitch:fixed; mso-font-signature:-1610612033 1757936891 16 0 131231 0;} /* Style Definitions */ p.MsoNormal, li.MsoNormal, div.MsoNormal {mso-style-unhide:no; mso-style-qformat:yes; mso-style-parent:{\textquotedbl}{\textquotedbl}; margin:0in; margin-bottom:.0001pt; mso-pagination:widow-orphan; font-size:12.0pt; font-family:{\textquotedbl}Times New Roman{\textquotedbl},{\textquotedbl}serif{\textquotedbl}; mso-fareast-font-family:{\textquotedbl}Times New Roman{\textquotedbl}; mso-ansi-language:DE; mso-fareast-language:DE;} .MsoChpDefault {mso-style-type:export-only; mso-default-props:yes; font-size:10.0pt; mso-ansi-font-size:10.0pt; mso-bidi-font-size:10.0pt;} @page WordSection1 {size:8.5in 11.0in; margin:1.0in 1.0in 1.0in 1.0in; mso-header-margin:.5in; mso-footer-margin:.5in; mso-paper-source:0;} div.WordSection1 {page:WordSection1;} --{\textgreater} Ziel des Buches ist es, die notwendigen Kenntnisse f{\"u}r den effizienten Einsatz von mathematischen Optimierungsverfahren in der Gestaltung und der Strukturauslegung von Bauteilen zu vermitteln. Dabei werden auch die wesentlichen Grundlagen zum rechnergest{\"u}tzten Konstruieren und Berechnen zur Verf{\"u}gung gestellt. Der Autor bezieht die neuesten Entwicklungen und Anwendungsbereiche auf dem Gebiet der Optimierung ein und diskutiert die Vor- und Nachteile der unterschiedlichen Optimierungsans{\"a}tze. Die vorgestellten konkreten Anwendungen der Optimierung erleichtern die Einarbeitung in das mathematisch anspruchsvolle Gebiet. Mit Hilfe der bereitgestellten {\"U}bungsaufgaben kann der Leser das Gelernte am eigenen Computer vertiefen. In der aktuellen 2. Auflage wurden Erkl{\"a}rungen {\"u}berarbeitet und aktuelle Optimierungsalgorithmen und -verfahren aufgenommen. Das Lehrbuch ist f{\"u}r Studierende und praktisch t{\"a}tige Ingenieure und Ingenieurinnen konzipiert und auch als Nachschlagewerk geeignet. ~ ~ ~ Professor Dr.-Ing. Axel Schumacher studierte Maschinenbau an der Universit{\"a}t Duisburg und der RWTH Aachen. Er promovierte auf dem Gebiet der Topologie ...},
 author = {Schumacher, Axel},
 year = {2013},
 title = {Optimierung mechanischer Strukturen: Grundlagen und industrielle Anwendungen},
 url = {http://dx.doi.org/10.1007/978-3-642-34700-9},
 address = {Berlin and Heidelberg},
 edition = {2., aktual. u. erg. Aufl. 2013},
 publisher = {Springer},
 isbn = {978-3-642-34700-9},
 doi = {10.1007/978-3-642-34700-9}
}


@article{Sigmund.2001,
 author = {Sigmund, O.},
 year = {2001},
 title = {A 99 line topology optimization code written in Matlab},
 pages = {120--127},
 volume = {21},
 number = {2},
 issn = {1615-147X},
 journal = {Structural and Multidisciplinary Optimization},
 doi = {10.1007/s001580050176}
}


@article{Sigmund.2007,
 author = {Sigmund, Ole},
 year = {2007},
 title = {Morphology-based black and white filters for topology optimization},
 pages = {401--424},
 volume = {33},
 number = {4-5},
 issn = {1615-147X},
 journal = {Structural and Multidisciplinary Optimization},
 doi = {10.1007/s00158-006-0087-x}
}


@article{Sigmund.2013,
 author = {Sigmund, Ole and Maute, Kurt},
 year = {2013},
 title = {Topology optimization approaches},
 pages = {1031--1055},
 volume = {48},
 number = {6},
 issn = {1615-147X},
 journal = {Structural and Multidisciplinary Optimization},
 doi = {10.1007/s00158-013-0978-6}
}


@article{Stolpe.2001,
 author = {Stolpe, M. and Svanberg, K.},
 year = {2001},
 title = {An alternative interpolation scheme for minimum compliance topology optimization},
 pages = {116--124},
 volume = {22},
 number = {2},
 issn = {1615-147X},
 journal = {Structural and Multidisciplinary Optimization},
 doi = {10.1007/s001580100129}
}


@article{Tang.2001,
 author = {Tang, Poh-Soong and Chang, Kuang-Hua},
 year = {2001},
 title = {Integration of topology and shape optimization for design of structural components},
 pages = {65--82},
 volume = {22},
 number = {1},
 issn = {1615-147X},
 journal = {Structural and Multidisciplinary Optimization},
 doi = {10.1007/PL00013282}
}


